<?xml version="1.0" encoding="UTF-8"?><collection xmlns="http://www.loc.gov/MARC21/slim"><record><leader>00376nam--2200133-i-4500</leader><controlfield tag="001">000044630</controlfield><controlfield tag="002">20161230</controlfield><controlfield tag="005">20161230201044</controlfield><controlfield tag="008">060222s1000------------r-----000-0-eng-d</controlfield><datafield ind1=" " ind2=" " tag="080"><subfield code="a">519.021:519.240</subfield></datafield><datafield ind1=" " ind2=" " tag="100"><subfield code="a">Thomas, John B</subfield></datafield><datafield ind1=" " ind2=" " tag="245"><subfield code="a">An introduction to applied probability and random processes</subfield></datafield><datafield ind1=" " ind2=" " tag="260"><subfield code="a">New York, John Wiley &amp; Sons, Inc., 1971, X + 338p</subfield></datafield><datafield ind1=" " ind2=" " tag="852"><subfield code="a">36567</subfield></datafield></record></collection>